<record><leader>00000cas a22000007a 4500</leader><controlfield tag="001">28040628</controlfield><controlfield tag="008">930504d19881989moucr ne      0    0eng d</controlfield><datafield ind1=" " ind2=" " tag="010"><subfield code="a">sn 93059965 </subfield></datafield><datafield ind1=" " ind2=" " tag="040"><subfield code="a">MQN</subfield><subfield code="b">eng</subfield><subfield code="c">MQN</subfield><subfield code="d">OCLCQ</subfield></datafield><datafield ind1=" " ind2=" " tag="042"><subfield code="a">msc</subfield></datafield><datafield ind1="0" ind2="0" tag="245"><subfield code="a">Kennett statesman.</subfield></datafield><datafield ind1=" " ind2=" " tag="260"><subfield code="a">Kennett, Mo. :</subfield><subfield code="b">Sherm Smith,</subfield><subfield code="c">1988-1989.</subfield></datafield><datafield ind1=" " ind2=" " tag="300"><subfield code="a">v.</subfield></datafield><datafield ind1=" " ind2=" " tag="310"><subfield code="a">Semiweekly</subfield></datafield><datafield ind1=" " ind2=" " tag="321"><subfield code="a">Weekly,</subfield><subfield code="b">Apr. 12-Sept. 13, 1988</subfield></datafield><datafield ind1="0" ind2=" " tag="362"><subfield code="a">Vol. 1, no. 1 (Apr. 12, 1988)-</subfield></datafield><datafield ind1="1" ind2=" " tag="362"><subfield code="a">Ceased in 1989.</subfield></datafield><datafield ind1=" " ind2="4" tag="651"><subfield code="a">Kennett (Mo.)</subfield><subfield code="v">Newspapers.</subfield></datafield><datafield ind1=" " ind2=" " tag="752"><subfield code="a">United States</subfield><subfield code="b">Missouri</subfield><subfield code="c">Dunklin</subfield><subfield code="d">Kennett.</subfield></datafield></record>